@misc{levenshtein,
	title="Методика идентификации пассажира по установочным данным [Электронный ресурс]",
	howpublished="Режим доступа: \url{https://cyberleninka.ru/article/n/metodika-identifikatsii-passazhira-po-ustanovochnym-dannym/viewer} (дата обращения: 10.10.2022)"
}

@book{dynamic,
    author     = {С. М. Окулов and О. А. Пестов},
    title      = {Динамическое программирование},
    year       = {2012},
    publisher  = {БИНОМ. Лаборатория знаний},
    address    = {М.},
    pages      = 296,
    language   = russian
}

@misc{python,
	title="Welcome to Python [Электронный ресурс]",
	howpublished="Режим доступа: \url{https://www.python.org} (дата обращения: 10.10.2022)"
}

@misc{python-time,
	title="time — Time access and conversions [Электронный ресурс]",
	howpublished="Режим доступа: \url{https://docs.python.org/3/library/time.html#functions} (дата обращения: 10.10.2022)"
}

@misc{manjaro,
	title="Manjaro Linux [Электронный ресурс]",
	howpublished="Режим доступа: \url{https://manjaro.org} (дата обращения: 10.10.2022)"
}

@misc{intel,
	title="Процессор Intel® Core™ i5-10210U [Электронный ресурс]",
	howpublished="Режим доступа: \url{https://ark.intel.com/content/www/ru/ru/ark/products/195436/intel-core-i510210u-processor-6m-cache-up-to-4-20-ghz.html} (дата обращения: 10.10.2022)"
}

