@misc{sort,
	title="Сравнительный анализ времени выполнения сортировки по алгоритму Шелла, гномьей сортировки и сортировки перемешиванием [Электронный ресурс]",
	howpublished="Режим доступа: \url{https://cyberleninka.ru/article/n/sravnitelnyy-analiz-vremeni-vypolneniya-sortirovki-po-algoritmu-shella-gnomiey-sortirovki-i-sortirovki-peremeshivaniem/viewer} (дата обращения: 21.10.2022)"
}

@misc{bead_sort,
	title="Bead-Sort: A Natural Sorting Algorithm [Электронный ресурс]",
	howpublished="Режим доступа: \url{https://www.cs.auckland.ac.nz/research/groups/CDMTCS/researchreports/171joshua.pdf} (дата обращения: 21.10.2022)"
}

@misc{gnome_sort,
	title="Гномья сортировка [Электронный ресурс]",
	howpublished="Режим доступа: \url{https://kvodo.ru/gnome-sorting.html} (дата обращения: 21.10.2022)"
}

@misc{python,
	title="Welcome to Python [Электронный ресурс]",
	howpublished="Режим доступа: \url{https://www.python.org} (дата обращения: 21.10.2022)"
}

@misc{python-time,
	title="time — Time access and conversions [Электронный ресурс]",
	howpublished="Режим доступа: \url{https://docs.python.org/3/library/time.html#functions} (дата обращения: 21.10.2022)"
}

@misc{manjaro,
	title="Manjaro Linux [Электронный ресурс]",
	howpublished="Режим доступа: \url{https://manjaro.org} (дата обращения: 21.10.2022)"
}

@misc{intel,
	title="Процессор Intel® Core™ i5-10210U [Электронный ресурс]",
	howpublished="Режим доступа: \url{https://ark.intel.com/content/www/ru/ru/ark/products/195436/intel-core-i510210u-processor-6m-cache-up-to-4-20-ghz.html} (дата обращения: 21.10.2022)"
}

