@misc{sort,
	title="Сортировка подсчетом [Электронный ресурс]",
	howpublished="Режим доступа: \url{https://foxford.ru/wiki/informatika/sortirovka-podschetom} (дата обращения: 30.11.2022)"
}

@misc{python,
	title="Welcome to Python [Электронный ресурс]",
	howpublished="Режим доступа: \url{https://www.python.org} (дата обращения: 30.11.2022)"
}

