@misc{multithreading,
	title="Многопоточность [Электронный ресурс]",
	howpublished="Режим доступа: \url{https://ru.bmstu.wiki/%D0%9C%D0%BD%D0%BE%D0%B3%D0%BE%D0%BF%D0%BE%D1%82%D0%BE%D1%87%D0%BD%D0%BE%D1%81%D1%82%D1%8C} (дата обращения: 25.11.2022)"
}

@book{krm2,
	author     = {С. Писсанецки},
	title      = {Технология разреженных матриц},
	year       = {1988},
	publisher  = {Мир},
	address    = {М.},
	pages      = 410,
	language   = russian
}

@misc{krm, title="С. Писсанецки. Технология разреженных матриц. --- М.: Мир, 1988. --- 410 с."}

@misc{tads, title="А. В. Силантьева. Лекции по типам и структурам данных. --- М.: МГТУ им. Н.Э.Баумана. --- 419 с."}

@book{tads2,
	author     = {А. В. Силантьева},
	title      = {Лекции по типам и структурам данных},
	publisher  = {МГТУ им. Н.Э.Баумана},
	address    = {М.},
	pages      = 419,
	language   = russian
}

@misc{c++,
	title="Документация по языку C++ [Электронный ресурс]",
	howpublished="Режим доступа: \url{https://docs.microsoft.com/ru-ru/cpp/cpp/?view=msvc-170} (дата обращения: 25.11.2022)"
}

@misc{python,
	title="Welcome to Python [Электронный ресурс]",
	howpublished="Режим доступа: \url{https://www.python.org} (дата обращения: 25.11.2022)"
}

@misc{time,
	title="Date and time utilities [Электронный ресурс]",
	howpublished="Режим доступа: \url{https://en.cppreference.com/w/cpp/chrono} (дата обращения: 25.11.2022)"
}

@misc{python,
	title="Welcome to Python [Электронный ресурс]",
	howpublished="Режим доступа: \url{https://www.python.org} (дата обращения: 25.11.2022)"
}

@misc{manjaro,
	title="Manjaro Linux [Электронный ресурс]",
	howpublished="Режим доступа: \url{https://manjaro.org} (дата обращения: 25.11.2022)"
}

@misc{intel,
	title="Процессор Intel® Core™ i5-10210U [Электронный ресурс]",
	howpublished="Режим доступа: \url{https://ark.intel.com/content/www/ru/ru/ark/products/195436/intel-core-i510210u-processor-6m-cache-up-to-4-20-ghz.html} (дата обращения: 25.11.2022)"
}

