@misc{winograd,
	title="Реализация алгоритма умножения матриц по Винограду на языке Haskell [Электронный ресурс]",
	howpublished="Режим доступа: \url{https://cyberleninka.ru/article/n/realizatsiya-algoritma-umnozheniya-matrits-po-vinogradu-na-yazyke-haskell} (дата обращения: 19.10.2022)"
}

@misc{python,
	title="Welcome to Python [Электронный ресурс]",
	howpublished="Режим доступа: \url{https://www.python.org} (дата обращения: 19.10.2022)"
}

@misc{python-time,
	title="time — Time access and conversions [Электронный ресурс]",
	howpublished="Режим доступа: \url{https://docs.python.org/3/library/time.html#functions} (дата обращения: 19.10.2022)"
}

@misc{manjaro,
	title="Manjaro Linux [Электронный ресурс]",
	howpublished="Режим доступа: \url{https://manjaro.org} (дата обращения: 19.10.2022)"
}

@misc{intel,
	title="Процессор Intel® Core™ i5-10210U [Электронный ресурс]",
	howpublished="Режим доступа: \url{https://ark.intel.com/content/www/ru/ru/ark/products/195436/intel-core-i510210u-processor-6m-cache-up-to-4-20-ghz.html} (дата обращения: 19.10.2022)"
}

